<?xml version="1.0" encoding="UTF-8"?><collection xmlns="http://www.loc.gov/MARC21/slim"><record><leader>00640nam--2200193-i-4500</leader><controlfield tag="001">000019827</controlfield><controlfield tag="002">20161230</controlfield><controlfield tag="005">20161230201033</controlfield><controlfield tag="008">060222s1000------------r-----000-0-eng-d</controlfield><datafield ind1=" " ind2=" " tag="040"><subfield code="a">IFIN-HH</subfield></datafield><datafield ind1=" " ind2=" " tag="080"><subfield code="a">533.932(061.3)</subfield></datafield><datafield ind1=" " ind2=" " tag="100"><subfield code="a">Consoli, T</subfield></datafield><datafield ind1="1" ind2="0" tag="245"><subfield code="a">Heating in toroidal plasmas</subfield><subfield code="b">PROCEEDINGS OF THE SYMPOSIUM HELD AT THE CENTRE D'ETUDES NUCLEAIRES, GRENOBLE, FRANCE, 3 - 7 JULY 1978. Joint Varenna-Grenoble International Symposium</subfield><subfield code="c">T. CONSOLI (Ed.)</subfield></datafield><datafield ind1=" " ind2=" " tag="260"><subfield code="a">Oxford, Pergamon Press, 1979</subfield></datafield><datafield ind1=" " ind2=" " tag="300"><subfield code="a">2 Volume</subfield></datafield><datafield ind1=" " ind2=" " tag="490"><subfield code="a">Proceedings</subfield></datafield><datafield ind1=" " ind2=" " tag="787"><subfield code="a">Vol. 2</subfield><subfield code="h">485 p</subfield></datafield><datafield ind1=" " ind2=" " tag="852"><subfield code="a">47440</subfield><subfield code="c">533.9</subfield></datafield><datafield ind1=" " ind2=" " tag="CAT"><subfield code="a">Sys</subfield><subfield code="c">20100929</subfield><subfield code="h">111251</subfield></datafield></record></collection>